<?xml version="1.0" encoding="UTF-8"?>
<collection
  xmlns:xsi="http://www.w3.org/2001/XMLSchema-instance"
  xsi:schemaLocation="http://www.loc.gov/MARC21/slim http://www.loc.gov/standards/marcxml/schema/MARC21slim.xsd"
  xmlns="http://www.loc.gov/MARC21/slim">

<record>
  <leader>08362ckdaa2201141 a 4500</leader>
  <controlfield tag="001">3462550</controlfield>
  <controlfield tag="005">20100226103514.0</controlfield>
  <controlfield tag="008">890714s1929    xx ||| |||||||   1k|eng d</controlfield>
  <datafield tag="035" ind1=" " ind2=" ">
    <subfield code="a">(OCoLC)82539970</subfield>
  </datafield>
  <datafield tag="035" ind1=" " ind2=" ">
    <subfield code="a">(OCoLC)ocm82539970</subfield>
  </datafield>
  <datafield tag="035" ind1=" " ind2=" ">
    <subfield code="a">(CStRLIN)NYDA89-F790</subfield>
  </datafield>
  <datafield tag="035" ind1=" " ind2=" ">
    <subfield code="a">(NNC)3462550</subfield>
  </datafield>
  <datafield tag="040" ind1=" " ind2=" ">
    <subfield code="a">NNC</subfield>
    <subfield code="c">NNC</subfield>
    <subfield code="e">gihc</subfield>
  </datafield>
  <datafield tag="043" ind1=" " ind2=" ">
    <subfield code="a">n-us-ca</subfield>
  </datafield>
  <datafield tag="100" ind1="1" ind2=" ">
    <subfield code="a">Greene, Henry Mather,</subfield>
    <subfield code="d">1870-1954.</subfield>
  </datafield>
  <datafield tag="240" ind1="1" ind2="0">
    <subfield code="a">Estelle Strasburg house (Covina, Calif.)</subfield>
  </datafield>
  <datafield tag="245" ind1="1" ind2="0">
    <subfield code="a">Residence for Mrs Edward Strasburg, 225 Adams Park Drive West, Covina, [Calif.].</subfield>
    <subfield code="h">[graphic].</subfield>
    <subfield code="n">[Part 1] /</subfield>
    <subfield code="c">Henry M. Greene, Architect.</subfield>
  </datafield>
  <datafield tag="260" ind1=" " ind2=" ">
    <subfield code="c">1929.</subfield>
  </datafield>
  <datafield tag="300" ind1=" " ind2=" ">
    <subfield code="a">99 sheets :</subfield>
    <subfield code="b">various media ;</subfield>
    <subfield code="c">44.2 x 76.7 cm. (17 1/2 x 30 1/4 in.) or smaller.</subfield>
  </datafield>
  <datafield tag="590" ind1=" " ind2=" ">
    <subfield code="a">This record is Part 1 of 2 parts.</subfield>
  </datafield>
  <datafield tag="500" ind1=" " ind2=" ">
    <subfield code="a">Many of the prints in this set are damaged.</subfield>
  </datafield>
  <datafield tag="500" ind1=" " ind2=" ">
    <subfield code="a">Bracketed title elements supplied by cataloger or taken from inventory.</subfield>
  </datafield>
  <datafield tag="580" ind1=" " ind2=" ">
    <subfield code="a">Forms part of the Greene &amp; Greene architectural drawings and photographs ; job no. 501. Dept. of Drawings &amp; Archives, Avery Architectural and Fine Arts Library.</subfield>
  </datafield>
  <datafield tag="500" ind1=" " ind2=" ">
    <subfield code="a">Scale varies.</subfield>
  </datafield>
  <datafield tag="500" ind1=" " ind2=" ">
    <subfield code="a">This set consists of 43 drawings, graphite on tracing paer; 21 drawings, blueprints on paper; 11 drawings, blueprints with crayon markings on paper; 7 drawings, blueprints with crayon and graphite annotations on paper; 5 drawings, graphite and ink on tracing paper; 7 drawings, blueprints with graphite annotations on paper; 3 drawings, graphite and crayon on tracing paper; 1 drawing, graphite on paper; 1 drawing, positive photostat on paper; and 1 drawing, negative photostat on paper.</subfield>
  </datafield>
  <datafield tag="561" ind1=" " ind2=" ">
    <subfield code="a">Gift of Jean Murray Bangs (Mrs. Harwell Hamilton Harris), 1960; formerly the collection of Charles Sumner Greene.</subfield>
  </datafield>
  <datafield tag="650" ind1=" " ind2="7">
    <subfield code="a">Houses.</subfield>
    <subfield code="2">aat</subfield>
  </datafield>
  <datafield tag="650" ind1=" " ind2="7">
    <subfield code="a">Garages.</subfield>
    <subfield code="2">aat</subfield>
  </datafield>
  <datafield tag="650" ind1=" " ind2="7">
    <subfield code="a">Cottages.</subfield>
    <subfield code="2">aat</subfield>
  </datafield>
  <datafield tag="655" ind1=" " ind2="7">
    <subfield code="a">Detail drawings.</subfield>
    <subfield code="2">aat</subfield>
  </datafield>
  <datafield tag="655" ind1=" " ind2="7">
    <subfield code="a">Sketches.</subfield>
    <subfield code="2">aat</subfield>
  </datafield>
  <datafield tag="655" ind1=" " ind2="7">
    <subfield code="a">Perspective drawings.</subfield>
    <subfield code="2">aat</subfield>
  </datafield>
  <datafield tag="655" ind1=" " ind2="7">
    <subfield code="a">Preliminary drawings.</subfield>
    <subfield code="2">aat</subfield>
  </datafield>
  <datafield tag="655" ind1=" " ind2="7">
    <subfield code="a">Architectural drawings</subfield>
    <subfield code="x">American.</subfield>
    <subfield code="2">aat</subfield>
  </datafield>
  <datafield tag="655" ind1=" " ind2="7">
    <subfield code="a">Site plans.</subfield>
    <subfield code="2">aat</subfield>
  </datafield>
  <datafield tag="655" ind1=" " ind2="7">
    <subfield code="a">Orthographic drawings.</subfield>
    <subfield code="2">aat</subfield>
  </datafield>
  <datafield tag="651" ind1=" " ind2="0">
    <subfield code="a">Covina (Calif.)</subfield>
  </datafield>
  <datafield tag="610" ind1="2" ind2="0">
    <subfield code="a">Estelle Strasburg house (Covina, Calif.)</subfield>
  </datafield>
  <datafield tag="610" ind1="2" ind2="0">
    <subfield code="a">Mrs. Edward Strasburg house (Covina, Calif.)</subfield>
  </datafield>
  <datafield tag="650" ind1=" " ind2="0">
    <subfield code="a">Architecture</subfield>
    <subfield code="z">United States</subfield>
    <subfield code="v">Designs and plans.</subfield>
  </datafield>
  <datafield tag="700" ind1="1" ind2=" ">
    <subfield code="a">Strasburg, Estelle.</subfield>
  </datafield>
  <datafield tag="710" ind1="2" ind2=" ">
    <subfield code="a">Greene &amp; Greene.</subfield>
  </datafield>
  <datafield tag="755" ind1=" " ind2=" ">
    <subfield code="a">Pencil drawings.</subfield>
    <subfield code="2">aat</subfield>
  </datafield>
  <datafield tag="755" ind1=" " ind2=" ">
    <subfield code="a">Blueprints.</subfield>
    <subfield code="2">aat</subfield>
  </datafield>
  <datafield tag="755" ind1=" " ind2=" ">
    <subfield code="a">Crayon drawings.</subfield>
    <subfield code="2">aat</subfield>
  </datafield>
  <datafield tag="755" ind1=" " ind2=" ">
    <subfield code="a">Ink drawings.</subfield>
    <subfield code="2">aat</subfield>
  </datafield>
  <datafield tag="755" ind1=" " ind2=" ">
    <subfield code="a">Stats.</subfield>
    <subfield code="2">aat</subfield>
  </datafield>
  <datafield tag="799" ind1="4" ind2="1">
    <subfield code="a">The Greene &amp; Greene architectural drawings and photographs.</subfield>
  </datafield>
  <datafield tag="789" ind1="0" ind2=" ">
    <subfield code="1">[1]</subfield>
    <subfield code="i">NYDA.1960.001.04550.</subfield>
    <subfield code="t">Foundation plan ; section C-C, section D-D :</subfield>
    <subfield code="n">Sheet no.1.</subfield>
  </datafield>
  <datafield tag="789" ind1="0" ind2=" ">
    <subfield code="1">[2]</subfield>
    <subfield code="i">NYDA.1960.001.04551.</subfield>
    <subfield code="t">First floor plan :</subfield>
    <subfield code="n">Sheet no.2.</subfield>
  </datafield>
  <datafield tag="789" ind1="0" ind2=" ">
    <subfield code="1">[3]</subfield>
    <subfield code="i">NYDA.1960.001.04552.</subfield>
    <subfield code="t">1st floor [plan], 4th rev[isio]n.</subfield>
  </datafield>
  <datafield tag="789" ind1="0" ind2=" ">
    <subfield code="1">[4]</subfield>
    <subfield code="i">NYDA.1960.001.04553.</subfield>
    <subfield code="t">[Partial first floor plan, elevation of porch]</subfield>
  </datafield>
  <datafield tag="789" ind1="0" ind2=" ">
    <subfield code="1">[5]</subfield>
    <subfield code="i">NYDA.1960.001.04554.</subfield>
    <subfield code="t">First floor plan.</subfield>
  </datafield>
  <datafield tag="789" ind1="0" ind2=" ">
    <subfield code="1">[6]</subfield>
    <subfield code="i">NYDA.1960.001.04555.</subfield>
    <subfield code="t">Suggested changes -- [partial foundation plans]</subfield>
  </datafield>
  <datafield tag="789" ind1="0" ind2=" ">
    <subfield code="1">[7]</subfield>
    <subfield code="i">NYDA.1960.001.04556.</subfield>
    <subfield code="t">Suggested change in kitchen and screen p[or]ch -- [partial floor plan]</subfield>
  </datafield>
  <datafield tag="789" ind1="0" ind2=" ">
    <subfield code="1">[8]</subfield>
    <subfield code="i">NYDA.1960.001.04557.</subfield>
    <subfield code="t">Second floor plan :</subfield>
    <subfield code="n">Sheet no.3.</subfield>
  </datafield>
  <datafield tag="789" ind1="0" ind2=" ">
    <subfield code="1">[9]</subfield>
    <subfield code="i">NYDA.1960.001.04558.</subfield>
    <subfield code="t">[Sketch of second floor plan]</subfield>
  </datafield>
  <datafield tag="789" ind1="0" ind2=" ">
    <subfield code="1">[10]</subfield>
    <subfield code="i">NYDA.1960.001.04559.</subfield>
    <subfield code="t">Scheme 3 -- [sketches of floor plans and elevations]</subfield>
  </datafield>
  <datafield tag="789" ind1="0" ind2=" ">
    <subfield code="1">[11]</subfield>
    <subfield code="i">NYDA.1960.001.03770.</subfield>
    <subfield code="t">2d floor plan, 3d rev[isio]n.</subfield>
  </datafield>
  <datafield tag="789" ind1="0" ind2=" ">
    <subfield code="1">[12]</subfield>
    <subfield code="i">NYDA.1960.001.03771.</subfield>
    <subfield code="t">2d floor [plan], 4th rev[isio]n.</subfield>
  </datafield>
  <datafield tag="789" ind1="0" ind2=" ">
    <subfield code="1">[13]</subfield>
    <subfield code="i">NYDA.1960.001.03772.</subfield>
    <subfield code="t">Second floor [plan], scheme 2 /</subfield>
    <subfield code="c">I.R.</subfield>
  </datafield>
  <datafield tag="789" ind1="0" ind2=" ">
    <subfield code="1">[14]</subfield>
    <subfield code="i">NYDA.1960.001.03773.</subfield>
    <subfield code="t">Second floor [plan]</subfield>
  </datafield>
  <datafield tag="789" ind1="0" ind2=" ">
    <subfield code="1">[15]</subfield>
    <subfield code="i">NYDA.1960.001.03774.</subfield>
    <subfield code="t">Second floor plan, first floor plan, front elevation,</subfield>
    <subfield code="d">[?] 29,'29.</subfield>
  </datafield>
  <datafield tag="789" ind1="0" ind2=" ">
    <subfield code="1">[16]</subfield>
    <subfield code="i">NYDA.1960.001.03775.</subfield>
    <subfield code="t">First floor plan, front elevation.</subfield>
    <subfield code="o">"3d rev[isio]n".</subfield>
  </datafield>
  <datafield tag="789" ind1="0" ind2=" ">
    <subfield code="1">[17]</subfield>
    <subfield code="i">NYDA.1960.001.03776.</subfield>
    <subfield code="t">Front elevation (east) :</subfield>
    <subfield code="n">Sheet no.4.</subfield>
  </datafield>
  <datafield tag="789" ind1="0" ind2=" ">
    <subfield code="1">[18]</subfield>
    <subfield code="i">NYDA.1960.001.03777.</subfield>
    <subfield code="t">Front elevation (east), scheme 3.</subfield>
  </datafield>
  <datafield tag="789" ind1="0" ind2=" ">
    <subfield code="1">[19]</subfield>
    <subfield code="i">NYDA.1960.001.03778.</subfield>
    <subfield code="t">Front elevation (east), 4th rev[isio]n.</subfield>
  </datafield>
  <datafield tag="789" ind1="0" ind2=" ">
    <subfield code="1">[20]</subfield>
    <subfield code="i">NYDA.1960.001.03779.</subfield>
    <subfield code="t">North elevation, south elevation :</subfield>
    <subfield code="n">Sheet no.5.</subfield>
  </datafield>
  <datafield tag="789" ind1="0" ind2=" ">
    <subfield code="1">[21]</subfield>
    <subfield code="i">NYDA.1960.001.03780.</subfield>
    <subfield code="t">North elevation, south elevation.</subfield>
    <subfield code="o">"Scheme 3".</subfield>
  </datafield>
  <datafield tag="789" ind1="0" ind2=" ">
    <subfield code="1">[22]</subfield>
    <subfield code="i">NYDA.1960.001.03781.</subfield>
    <subfield code="t">West elevation :</subfield>
    <subfield code="n">Sheet no.6.</subfield>
  </datafield>
  <datafield tag="789" ind1="0" ind2=" ">
    <subfield code="1">[23]</subfield>
    <subfield code="i">NYDA.1960.001.03782.</subfield>
    <subfield code="t">South elevation.</subfield>
  </datafield>
  <datafield tag="789" ind1="0" ind2=" ">
    <subfield code="1">[24]</subfield>
    <subfield code="i">NYDA.1960.001.03783.</subfield>
    <subfield code="t">Exterior details -- outside of rake, section thro' rake, typical wall section [with interior and exterior elevations of sash], eave elevation bay details [in sections and] part plan :</subfield>
    <subfield code="n">Sheet 7.</subfield>
  </datafield>
  <datafield tag="789" ind1="0" ind2=" ">
    <subfield code="1">[25]</subfield>
    <subfield code="i">NYDA.1960.001.03784.</subfield>
    <subfield code="t">Exterior details -- [typical wall section with interior and exterior elevations of sash ; eave elevation, bay details in part plans and sections] :</subfield>
    <subfield code="n">Sheet 7.</subfield>
  </datafield>
  <datafield tag="789" ind1="0" ind2=" ">
    <subfield code="1">[26]</subfield>
    <subfield code="i">NYDA.1960.001.03785.</subfield>
    <subfield code="t">Elevation of rake of cornice, section of rake.</subfield>
  </datafield>
  <datafield tag="789" ind1="0" ind2=" ">
    <subfield code="1">[27]</subfield>
    <subfield code="i">NYDA.1960.001.03786.</subfield>
    <subfield code="t">Interior details -- north [and] east [elevations of] entry ; north, east [and] south [elevations of] living room [with half plan of] hearth ; west [and] south [elevations of] bath 1 ; north, east [and] south [elevations of] kithchen ; east [and] south [elevations of] dining room :</subfield>
    <subfield code="n">Sheet no.8.</subfield>
  </datafield>
  <datafield tag="789" ind1="0" ind2=" ">
    <subfield code="1">[28]</subfield>
    <subfield code="i">NYDA.1960.001.03787.</subfield>
    <subfield code="t">Garage &amp; keeper's cottage -- plan, east elevation, north elevation, wall section, [section through] inside partitions, [section and elevation of eaves] :</subfield>
    <subfield code="n">Sheet no.10.</subfield>
  </datafield>
  <datafield tag="789" ind1="0" ind2=" ">
    <subfield code="1">[29]</subfield>
    <subfield code="i">NYDA.1960.001.03788.</subfield>
    <subfield code="t">Revised drawing (shows changes in keepers cottage) -- [partial plan, partial east elevation] :</subfield>
    <subfield code="n">Sheet no.11,</subfield>
    <subfield code="d">5/16/1929.</subfield>
  </datafield>
  <datafield tag="789" ind1="0" ind2=" ">
    <subfield code="1">[30]</subfield>
    <subfield code="i">NYDA.1960.001.03789.</subfield>
    <subfield code="t">Revised detail of walls of garage, section of cottage wall :</subfield>
    <subfield code="n">Sheet no.12,</subfield>
    <subfield code="d">May 19/29.</subfield>
  </datafield>
  <datafield tag="789" ind1="0" ind2=" ">
    <subfield code="1">[31]</subfield>
    <subfield code="i">NYDA.1960.001.03790.</subfield>
    <subfield code="t">Gable vent details (use same detail for all buildings) -- section, front [elevation] :</subfield>
    <subfield code="n">Sheet no.13.</subfield>
  </datafield>
  <datafield tag="789" ind1="0" ind2=" ">
    <subfield code="1">[32].</subfield>
    <subfield code="i">NYDA.1960.001.03791.</subfield>
    <subfield code="t">Shows change in screen porch &amp; maids bdrm. -- [partial foundation plan, partial] first floor plan, [partial] second floor plan, [partial] east elev'n, south elevation :</subfield>
    <subfield code="n">sheet no.16.</subfield>
    <subfield code="o">"Second floor plan" is marked "Void".</subfield>
  </datafield>
  <datafield tag="789" ind1="0" ind2=" ">
    <subfield code="1">[33]</subfield>
    <subfield code="i">NYDA.1960.001.03792.</subfield>
    <subfield code="t">Sketches -- first floor plan, second floor plan :</subfield>
    <subfield code="n">Sheet no.1.</subfield>
    <subfield code="o">"Scheme 2E".</subfield>
  </datafield>
  <datafield tag="789" ind1="0" ind2=" ">
    <subfield code="1">[34]</subfield>
    <subfield code="i">NYDA.1960.001.03793.</subfield>
    <subfield code="t">East [elevation], south [elevation] :</subfield>
    <subfield code="n">Sheet no.2.</subfield>
    <subfield code="o">"Scheme 2R".</subfield>
  </datafield>
  <datafield tag="789" ind1="0" ind2=" ">
    <subfield code="1">[35]</subfield>
    <subfield code="i">NYDA.1960.001.03794.</subfield>
    <subfield code="t">Sketches -- first floor plan, second floor plan, north elevation, front elevation (east) :</subfield>
    <subfield code="n">Sheet no.1.</subfield>
    <subfield code="o">"Scheme 2E".</subfield>
  </datafield>
  <datafield tag="789" ind1="0" ind2=" ">
    <subfield code="1">[36]</subfield>
    <subfield code="i">NYDA.1960.001.03795.</subfield>
    <subfield code="t">Sketches -- first floor plan, second floor plan, north elevation, front elevation (east) :</subfield>
    <subfield code="n">Sheet no.1,</subfield>
    <subfield code="d">4/12/29, r[evised] 4/18/29.</subfield>
    <subfield code="o">"Scheme 3".</subfield>
  </datafield>
  <datafield tag="789" ind1="0" ind2=" ">
    <subfield code="1">[37]</subfield>
    <subfield code="i">NYDA.1960.001.03796.</subfield>
    <subfield code="t">Sketches -- first floor plan, second floor paln, north elevation, front elevation (east) :</subfield>
    <subfield code="n">Sheet no. 1,</subfield>
    <subfield code="d">4/12/29,r[evised] 4/18/29.</subfield>
    <subfield code="o">'Scheme 3".</subfield>
  </datafield>
  <datafield tag="789" ind1="0" ind2=" ">
    <subfield code="1">[38]</subfield>
    <subfield code="i">NYDA.1960.001.03797R.</subfield>
    <subfield code="t">[Sketch of partial floor plan]</subfield>
  </datafield>
  <datafield tag="789" ind1="0" ind2=" ">
    <subfield code="1">[39]</subfield>
    <subfield code="i">NYDA.1960.001.03797V.</subfield>
    <subfield code="t">[Sketch of plan of stairs]</subfield>
  </datafield>
  <datafield tag="789" ind1="0" ind2=" ">
    <subfield code="1">[40]</subfield>
    <subfield code="i">NYDA.1960.001.03798.</subfield>
    <subfield code="t">[Sketch of floor plan]</subfield>
  </datafield>
  <datafield tag="789" ind1="0" ind2=" ">
    <subfield code="1">[41]</subfield>
    <subfield code="i">NYDA.1960.001.03799.</subfield>
    <subfield code="t">[Sketches of partial floor plans labelled] 1,2,3.</subfield>
    <subfield code="o">With calculations.</subfield>
  </datafield>
  <datafield tag="789" ind1="0" ind2=" ">
    <subfield code="1">[42]</subfield>
    <subfield code="i">NYDA.1960.001.03800.</subfield>
    <subfield code="t">[Sketch of partial first floor plan showing] l[iving] r[oom area]</subfield>
  </datafield>
  <datafield tag="789" ind1="0" ind2=" ">
    <subfield code="1">[43]</subfield>
    <subfield code="i">NYDA.1960.001.03801.</subfield>
    <subfield code="t">[Rough sketch of site plan].</subfield>
    <subfield code="o">Drawing is done on a piece of an envelop. The return addressee on the verso is "The Farmers and Merchants National Bank of Los Angeles".The envelope is addresed to "Mrs. Estelle Strasburg".</subfield>
  </datafield>
  <datafield tag="789" ind1="0" ind2=" ">
    <subfield code="1">[44]</subfield>
    <subfield code="i">NYDA.1960.001.03802.</subfield>
    <subfield code="t">[Unidentifies perspective sketch]</subfield>
  </datafield>
  <datafield tag="789" ind1="0" ind2=" ">
    <subfield code="1">[45]</subfield>
    <subfield code="i">NYDA.1960.001.03803.</subfield>
    <subfield code="t">[Sketch of] garage plan.</subfield>
  </datafield>
  <datafield tag="789" ind1="0" ind2=" ">
    <subfield code="1">[46]</subfield>
    <subfield code="i">NYDA.1960.001.03804.</subfield>
    <subfield code="t">[Sketches -- section, elevation, front and side elvations of drain pipe, elevation of eaves, other exterior details]</subfield>
  </datafield>
  <datafield tag="789" ind1="0" ind2=" ">
    <subfield code="1">[47]</subfield>
    <subfield code="i">NYDA.1960.001.03805.</subfield>
    <subfield code="t">[Elevation of house]</subfield>
  </datafield>
  <datafield tag="789" ind1="0" ind2=" ">
    <subfield code="1">[48]</subfield>
    <subfield code="i">NYDA.1960.001.03806.</subfield>
    <subfield code="t">[Elevations of windows]</subfield>
  </datafield>
  <datafield tag="789" ind1="0" ind2=" ">
    <subfield code="1">[49]</subfield>
    <subfield code="i">NYDA.1960.001.03807.</subfield>
    <subfield code="t">[Perspective sketch of house]</subfield>
  </datafield>
  <datafield tag="900" ind1=" " ind2=" ">
    <subfield code="a">AUTH</subfield>
  </datafield>
</record>

</collection>